%
% Глава 1
%
@ARTICLE{Voitsik_2018_rus,
    author = {{Войцик}, П.~А. and {Пушкарев}, А.~Б. and {Ковалев}, Ю.~Ю. and {Плавин}, А.~В. and
{Лобанов}, А.~П. and {Ипатов}, А.~В.},
    title = {Сдвиг положения ядра с частотой в ультракомпактных квазарах},
    journal = {Астрономический журнал},
    year = {2018},
    volume = {95},
    number = {11},
    pages = {832-858},
    doi = {10.1134/S0004629918110099},
    issn = {0004-6299},
    language = {russian}
}


%
% Глава 2
%
@ARTICLE{Kardashev_2013_rus,
   author = {{Кардашев}, Н.~С. and
        {Хартов}, В.~В. and
        {Абрамов}, В.~В. and
        {Авдеев}, В.~Ю. and
        {Алакоз}, А.~В. and
        {Александров}, Ю.~А. and
        {Анантакришнан}, С. and
        {Андреянов}, В.~В. and
        {Андрианов}, А.~С. and
        {Антонов}, Н.~М. and
        {Артюхов}, М.~И. and
        {Архипов}, М.~Ю. and
        {Баан}, В. and
        {Бабакин}, Н.~Г. and
        {Бабышкин}, В.~Е. and
        {Бартель}, Н. and
        {Белоусов}, К.~Г. and
        {Беляев}, А.~А. and
        {Берулис}, И.~И. and
        {Бёрк}, Б.~Ф. and
        {Бирюков}, А.~В. and
        {Бургин}, М.~С. and
        {Бубнов}, А.~Е. and
        {Буска}, Дж. and
        {Быкадоров}, А.~А. and
        {Бычкова}, В.~С. and
        {Васильков}, В.~И. and
        {Веллингтон}, К.~Дж. and
        {Виноградов}, И.~С. and
        {Витфилд}, Р. and
        {Войцик}, П.~А. and
        {Гвамичава}, А.~С. and
        {Гирин}, И.~А. and
        {Гурвиц}, Л.~И. and
        {Дагкесаманский}, Р.~Д. and
        {ДАддарио}, Г.~Л. and
        {Джиованини}, Г. and
        {Джонси}, Д.~Л. and
        {Дьюдни}, П. and
        {Дьяков}, А.~А. and
        {Журавлев}, В.~И. and
        {Жаров}, В.~Е. and
        {Заславский}, Г.~С. and
        {Захваткин}, М.~В. and
        {Зиновьев}, А.~Н. and
        {Илинен}, Ю. and
        {Ипатов}, А.~В. and
        {Каневский}, Б.~3. and
        {Кнорин}, И.~А. and
        {Кассе}, Ж.~Л. and
        {Келлерманн}, К.~И. and
        {Ковалев}, Ю.~А. and
        {Ковалев}, Ю.~Ю. and
        {Коваленко}, А.~В. and
        {Коган}, Б.~Л. and
        {Комаев}, Р.~В. and
        {Коноваленко}, А.~А. and
        {Копелянский}, Г.~Д. and
        {Корнеев}, Ю.~А. and
        {Костенко}, В.~И. and
        {Котик}, А.~Н. and
        {Крейсман}, Б.~Б. and
        {Кукушкин}, А.~Ю. and
        {Кулишенко}, В.~Ф. and
        {Купер}, Д. and
        {Кутькин}, А.~М. and
        {Кэннон}, В.~X. and
        {Ларионов}, М.~Г. and
        {Лисаков}, М.~М. and
        {Литвиненко}, Л.~Н. and
        {Лихачев}, С.~Ф. and
        {Лихачева}, Л.~Н. and
        {Лобанов}, А.~П. and
        {Логвиненко}, С.~В. and
        {Лэнгстон}, Г. and
        {Мак-Кракен}, К. and
        {Медведев}, С.~Ю. and
        {Мелёхин}, М.~В. and
        {Мендеров}, А.~В. and
        {Мерфи}, Д.~В. and
        {Мизякина}, Т.~А. and
        {Мозговой}, Ю.~В. and
        {Николаев}, Н.~Я. and
        {Новиков}, Б.~С. and
        {Новиков}, И.~Д. and
        {Орешко}, В.~В. and
        {Павленко}, Ю.~К. and
        {Пащенко}, И.~Н. and
        {Пономарев}, Ю.~Н. and
        {Попов}, М.~В. and
        {Правин-Кумар}, А. and
        {Престон}, Р.~А. and
        {Пышнов}, В.~Н. and
        {Рахимов}, И.~А. and
        {Рожков}, В.~М. and
        {Ромни}, Дж.~Д. and
        {Роша}, П. and
        {Рудаков}, В.~А. and
        {Рэйзенен}, А. and
        {Сазанков}, С.~В. and
        {Сахаров}, Б.~А. and
        {Семенов}, С.~К. and
        {Серебренников}, В.~А. and
        {Скилицци}, Р.~Т. and
        {Скулачев}, Д.~П. and
        {Слыш}, В.~И. and
        {Смирнов}, А.~И. and
        {Смит}, Дж.~Г. and
        {Согласнов}, В.~А. and
        {Соколовский}, К.~В. and
        {Сондаар}, Л.~X. and
        {Степаньянц}, В.~А and
        {Турыгин}, М.~С. and
        {Турыгин}, С.~Ю. and
        {Тучин}, А.~Г. and
        {Урпо}, С. and
        {Федорчук}, С.~Д. and
        {Финкельштейн}, А.~М. and
        {Фомалонт}, Э.~Б. and
        {Фейеш}, И. and
        {Фомина}, А.Н. and
        {Хапин}, Ю.~Б. and
        {Царевский}, Г.~С. and
        {Цензус}, Дж.~А. and
        {Чуприков}, А.~А. and
        {Шацкая}, М.~В. and
        {Шапировская}, Н.~Я. and
        {Шейхет}, А.~И. and
        {Ширшаков}, А.~Е. and
        {Шмидт}, А. and
        {Шнырева}, Л.~А. and
        {Шпилевский}, В.~В. and
        {Экереs}, Р.~Д. and
        {Якимов}, В.~Е.
	},
    title = {``Радиоастрон''~--- телескоп размером 300000 км: основные параметры и первые
результаты наблюдений},
  journal = {Астрономический журнал},
     year = 2013,
    month = 3,
    volume = 90,
    number = 3,
    pages = {179-222},
  language = {russian}
}

@article{Kovalev_2014_rus,
        title = {Проект ``РадиоАстрон''. Измерения и анализ основных параметров космического
телескопа в полете в 2011--2013 гг.},
        volume = {52},
        issn = {0023-4206},
        number = {5},
        journal = {Космические Исследования},
        author = {Ковалев, Ю. А. and Васильков, В. И. and Попов, М. В. and Согласнов, В. А. and
Войцик, П. А. and Лисаков, М. М. and Кутькин, А. М. and Нижельский, Н. А. and Жеканис, Г. В. and
Цыбулев, П. Г.},
        year = {2014},
        pages = {430-439},
        language = {russian}
}

@ARTICLE{Lobanov_2015,
   author = {{Lobanov}, A.~P. and {G{\'o}mez}, J.~L. and {Bruni}, G. and
	{Kovalev}, Y.~Y. and {Anderson}, J. and {Bach}, U. and {Kraus}, A. and
	{Zensus}, J.~A. and {Lisakov}, M.~M. and {Sokolovsky}, K.~V. and
	{Voytsik}, P.~A.},
    title = {RadioAstron space VLBI imaging of polarized radio emission in the high-redshift
quasar 0642+449 at 1.6 GHz},
  journal = {\aap},
archivePrefix = "arXiv",
   eprint = {1504.04273},
 keywords = {galaxies: jets, galaxies: nuclei, quasars: individual: 0642+449},
     year = 2015,
    month = 11,
   volume = 583,
      eid = {A100},
    pages = {A100},
      doi = {10.1051/0004-6361/201526335},
   adsurl = {http://adsabs.harvard.edu/abs/2015A%26A...583A.100L},
  adsnote = {Provided by the SAO/NASA Astrophysics Data System},
  language = {english}
}

@ARTICLE{Zakhvatkin_2020,
   author = {{Zakhvatkin}, M.~V. and {Andrianov}, A.~S. and {Avdeev}, V.~Y. and
	{Kostenko}, V.~I. and {Kovalev}, Y.~Y. and {Likhachev}, S.~F. and
	{Litovchenko}, I.~D. and {Litvinov}, D.~A. and {Rudnitskiy}, A.~G. and
	{Shchurov}, M.~A. and {Sokolovsky}, K.~V. and {Stepanyants}, V.~A. and
	{Tuchin}, A.~G. and {Voitsik}, P.~A. and {Zaslavskiy}, G.~S. and
	{Zharov}, V.~E. and {Zuga}, V.~A.},
    title = {RadioAstron orbit determination and evaluation of its results using correlation of
Space-VLBI observations},
  journal = {Advances in Space Research},
 keywords = {Astrophysics - Instrumentation and Methods for Astrophysics},
     year = {2020},
    month = 1,
   volume = 65,
    issue = 2,
    pages = {798-812},
     issn = "0273-1177",
      doi = {10.1016/j.asr.2019.05.007},
 language = {english}
}

%
% Глава 3
%
@ARTICLE{Piner_2012,
       author = {{Piner}, B.~G. and {Pushkarev}, A.~B. and {Kovalev}, Y.~Y. and
         {Marvin}, C.~J. and {Arenson}, J.~G. and {Charlot}, P. and
         {Fey}, A.~L. and {Collioud}, A. and {Voitsik}, P.~A.},
        title = {Relativistic Jets in the Radio Reference Frame Image Database. II. Blazar Jet
        Accelerations from the First 10 Years of Data (1994--2003)},
      journal = {\apj},
         year = {2012},
        month = {10},
       volume = {758},
       number = {2},
          eid = {84},
        pages = {84},
          doi = {10.1088/0004-637X/758/2/84},
archivePrefix = {arXiv},
       eprint = {1208.4399},
 primaryClass = {astro-ph.CO},
       adsurl = {https://ui.adsabs.harvard.edu/abs/2012ApJ...758...84P},
      adsnote = {Provided by the SAO/NASA Astrophysics Data System},
     language = {english}
}
%
@ARTICLE{Kovalev_2016,
       author = {{Kovalev}, Y.~Y. and {Kardashev}, N.~S. and {Kellermann}, K.~I. and
         {Lobanov}, A.~P. and {Johnson}, M.~D. and {Gurvits}, L.~I. and
         {Voitsik}, P.~A. and {Zensus}, J.~A. and {Anderson}, J.~M. and
         {Bach}, U. and {Jauncey}, D.~L. and {Ghigo}, F. and {Ghosh}, T. and
         {Kraus}, A. and {Kovalev}, Yu. A. and {Lisakov}, M.~M. and
         {Petrov}, L. Yu. and {Romney}, J.~D. and {Salter}, C.~J. and
         {Sokolovsky}, K.~V.},
        title = {RadioAstron Observations of the Quasar 3C273: A Challenge to the Brightness
        Temperature Limit},
      journal = {\apjl},
         year = 2016,
        month = 3,
       volume = {820},
       number = {1},
          eid = {L9},
        pages = {L9},
          doi = {10.3847/2041-8205/820/1/L9},
archivePrefix = {arXiv},
       eprint = {1601.05806},
 primaryClass = {astro-ph.HE},
       adsurl = {https://ui.adsabs.harvard.edu/abs/2016ApJ...820L...9K},
      adsnote = {Provided by the SAO/NASA Astrophysics Data System},
  language = {english}
}
%
@ARTICLE{Edwards_2017,
       author = {{Edwards}, P.~G. and {Kovalev}, Y.~Y. and {Ojha}, R. and {An}, H. and
         {Bignall}, H. and {Carpenter}, B. and {Hovatta}, T. and {Stevens}, J. and
         {Voytsik}, P. and {Andrianov}, A.~S. and {Dutka}, M. and {Hase}, H. and
         {Horiuchi}, S. and {Jauncey}, D.~L. and {Kadler}, M. and {Lisakov}, M. and
         {Lovell}, J.~E.~J. and {McCallum}, J. and {M{\"u}ller}, C. and
         {Phillips}, C. and {Pl{\"o}tz}, C. and {Quick}, J. and {Reynolds}, C. and
         {Schulz}, R. and {Sokolovsky}, K.~V. and {Tzioumis}, A.~K. and
         {Zuga}, V.},
        title = {PKS 1954-388: RadioAstron Detection on 80,000 km Baselines and Multiwavelength
        Observations},
      journal = {\pasa},
     keywords = {galaxies: active, galaxies: jets, gamma rays: galaxies, ISM: structure, radio continuum: galaxies, Astrophysics - Astrophysics of Galaxies, Astrophysics - High Energy Astrophysical Phenomena},
         year = {2017},
        month = {4},
       volume = {34},
          eid = {e021},
        pages = {e021},
          doi = {10.1017/pasa.2017.16},
archivePrefix = {arXiv},
       eprint = {1705.02067},
 primaryClass = {astro-ph.GA},
       adsurl = {https://ui.adsabs.harvard.edu/abs/2017PASA...34...21E},
      adsnote = {Provided by the SAO/NASA Astrophysics Data System},
     language = {english}
}
%
@ARTICLE{Pilipenko_2018,
       author = {{Pilipenko}, S.~V. and {Kovalev}, Y.~Y. and {Andrianov}, A.~S. and
         {Bach}, U. and {Buttaccio}, S. and {Cassaro}, P. and {Cim{\`o}}, G. and
         {Edwards}, P.~G. and {Gawro{\'n}ski}, M.~P. and {Gurvits}, L.~I. and
         {Hovatta}, T. and {Jauncey}, D.~L. and {Johnson}, M.~D. and
         {Kovalev}, Yu A. and {Kutkin}, A.~M. and {Lisakov}, M.~M. and
         {Melnikov}, A.~E. and {Orlati}, A. and {Rudnitskiy}, A.~G. and
         {Sokolovsky}, K.~V. and {Stanghellini}, C. and {de Vicente}, P. and
         {Voitsik}, P.~A. and {Wolak}, P. and {Zhekanis}, G.~V.},
        title = {The high brightness temperature of B0529+483 revealed by RadioAstron and
        implications for interstellar scattering},
      journal = {\mnras},
     keywords = {scattering, galaxies: jets, quasars: general, quasars: individual (B0529+483), radio continuum: galaxies, Astrophysics - High Energy Astrophysical Phenomena, Astrophysics - Astrophysics of Galaxies},
         year = {2018},
        month = {3},
       volume = {474},
       number = {3},
        pages = {3523-3534},
          doi = {10.1093/mnras/stx2991},
archivePrefix = {arXiv},
       eprint = {1711.06713},
 primaryClass = {astro-ph.HE},
       adsurl = {https://ui.adsabs.harvard.edu/abs/2018MNRAS.474.3523P},
      adsnote = {Provided by the SAO/NASA Astrophysics Data System},
     language = {english}
}
%
@ARTICLE{Kutkin_2018,
   author = {{Kutkin}, A.~M. and {Pashchenko}, I.~N. and {Lisakov}, M.~M. and
	{Voytsik}, P.~A. and {Sokolovsky}, K.~V. and {Kovalev}, Y.~Y. and
	{Lobanov}, A.~P. and {Ipatov}, A.~V. and {Aller}, M.~F. and
	{Aller}, H.~D. and {Lahteenmaki}, A. and {Tornikoski}, M. and
	{Gurvits}, L.~I.},
    title = {The extreme blazar AO 0235+164 as seen by extensive ground and space radio
observations},
  journal = {\mnras},
archivePrefix = "arXiv",
     year = 2018,
    month = 4,
   volume = 475,
    pages = {4994-5009},
      doi = {10.1093/mnras/sty144},
   adsurl = {http://adsabs.harvard.edu/abs/2018MNRAS.475.4994K},
  adsnote = {Provided by the SAO/NASA Astrophysics Data System},
  language = {english}
}
%
@article{Kardashev_2018,
	title = {Основные научные результаты, полученные в проекте ``РадиоАстрон'' в 2016-2018 годы},
	issn = {2075-6941, 2311-3367},
	pages = {3--12},
	number = {3},
	journal = {Вестник НПО им. С.~А.~Лавочкина},
	author = {Кардашев, Н.~С. and Алакоз, А.~В. and Андрианов, А.~С. and Баан, У. and Бруни, Г. and
	Войцик, П.~А. and Гомез, Х.~Л. and Джиованнини, Г. and Ковалев, Ю.~Ю. and Кутькин, А.~М. and
	Лисаков, М.~М. and Лобанов, А.~П. and Моран Дж. and Пилипенко, С.~В. and Попов, М.~В. and
	Рудницкий, А.~Г. and Саволайнен, Т. and Смирнова, Т.~В. and Соболев, А.~М. and
	Соколовский, К.~В. and Эдвардс, Ф.},
	year = {2018},
	language = {russian}
}
%
