@ARTICLE{Kutkin_2018,
   author = {{Kutkin}, A.~M. and {Pashchenko}, I.~N. and {Lisakov}, M.~M. and
	{Voytsik}, P.~A. and {Sokolovsky}, K.~V. and {Kovalev}, Y.~Y. and
	{Lobanov}, A.~P. and {Ipatov}, A.~V. and {Aller}, M.~F. and
	{Aller}, H.~D. and {Lahteenmaki}, A. and {Tornikoski}, M. and
	{Gurvits}, L.~I.},
    title = "{The extreme blazar AO 0235+164 as seen by extensive ground and space radio
observations}",
  journal = {\mnras},
archivePrefix = "arXiv",
 keywords = {galaxies: active, BL Lacertae objects: individual: 0235+164, galaxies: jets, radio
continuum: galaxies},
     year = 2018,
    month = {apr},
   volume = 475,
    pages = {4994-5009},
      doi = {10.1093/mnras/sty144},
   adsurl = {http://adsabs.harvard.edu/abs/2018MNRAS.475.4994K},
  adsnote = {Provided by the SAO/NASA Astrophysics Data System}
}
