%% Chapter 1

@ARTICLE{Plavin2018,
       author = {{Plavin}, A.~V. and {Kovalev}, Y.~Y. and {Pushkarev}, A.~B. and
         {Lobanov}, A.~P.},
        title = {Significant core shift variability in parsec-scale jets of active galactic
nuclei},
      journal = {\mnras},
         year = 2019,
        month = {5},
       volume = {485},
       number = {2},
        pages = {1822-1842},
          doi = {10.1093/mnras/stz504},
       adsurl = {https://ui.adsabs.harvard.edu/abs/2019MNRAS.485.1822P},
      adsnote = {Provided by the SAO/NASA Astrophysics Data System},
     language = {english}
}

@ARTICLE{MS1984,
   author = {{Marcaide}, J.~M. and {Shapiro}, I.~I.},
    title = "{VLBI study of 1038 + 528 A and B - Discovery of wavelength dependence of peak brightness location}",
  journal = {\apj},
 keywords = {Brightness Distribution, Centimeter Waves, Quasars, Radio Sources (Astronomy), Very Long Base Interferometry, Astronomical Maps, Radio Spectra, Wavelengths},
     year = 1984,
    month = {1},
   volume = 276,
    pages = {56-59},
      doi = {10.1086/161592},
   adsurl = {http://adsabs.harvard.edu/abs/1984ApJ...276...56M},
  adsnote = {Provided by the SAO/NASA Astrophysics Data System},
  language = {english}
}

@ARTICLE{Petrov2009,
   author = {{Petrov}, L. and {Gordon}, D. and {Gipson}, J. and {MacMillan}, D. and
	{Ma}, C. and {Fomalont}, E. and {Walker}, R.~C. and {Carabajal}, C.
	},
    title = "{Precise geodesy with the Very Long Baseline Array}",
  journal = {Journal of Geodesy},
archivePrefix = "arXiv",
 primaryClass = "physics.geo-ph",
 keywords = {VLBI, Coordinate systems, Plate tectonics, VLBA},
     year = 2009,
    month = {9},
   volume = 83,
    pages = {859-876},
      doi = {10.1007/s00190-009-0304-7},
   adsurl = {http://adsabs.harvard.edu/abs/2009JGeod..83..859P},
  adsnote = {Provided by the SAO/NASA Astrophysics Data System},
  language = {english}
}

@ARTICLE{Krav2016,
   author = {{Kravchenko}, E.~V. and {Kovalev}, Y.~Y. and {Hovatta}, T. and
	{Ramakrishnan}, V.},
    title = "{Multiwavelength observations of the {$\gamma$}-ray flaring quasar S4 1030+61 in 2009-2014}",
  journal = {\mnras},
archivePrefix = "arXiv",
 primaryClass = "astro-ph.HE",
 keywords = {galaxies: active, galaxies: jets, quasars: general, quasars: individual: S4 1030+61},
     year = 2016,
    month = {11},
   volume = 462,
    pages = {2747-2761},
      doi = {10.1093/mnras/stw1776},
   adsurl = {http://adsabs.harvard.edu/abs/2016MNRAS.462.2747K},
  adsnote = {Provided by the SAO/NASA Astrophysics Data System},
  language = {english}
}

@ARTICLE{Krav2017,
   author = {{Kravchenko}, E.~V. and {Kovalev}, Y.~Y. and {Sokolovsky}, K.~V.
	},
    title = "{Parsec-scale Faraday rotation and polarization of 20 active galactic nuclei jets}",
  journal = {\mnras},
archivePrefix = "arXiv",
 primaryClass = "astro-ph.HE",
 keywords = {galaxies: jets, radio continuum: galaxies, radiation mechanisms: non-thermal, polarization, magnetic fields},
     year = 2017,
    month = {5},
   volume = 467,
    pages = {83-101},
      doi = {10.1093/mnras/stx021},
   adsurl = {http://adsabs.harvard.edu/abs/2017MNRAS.467...83K},
  adsnote = {Provided by the SAO/NASA Astrophysics Data System},
  language = {english}
}

@ARTICLE{Sokolovsky_2011,
   author = {{Sokolovsky}, K.~V. and {Kovalev}, Y.~Y. and {Pushkarev}, A.~B. and
	{Lobanov}, A.~P.},
    title = "{A VLBA survey of the core shift effect in AGN jets. I. Evidence of dominating synchrotron opacity}",
  journal = {\aap},
archivePrefix = "arXiv",
 primaryClass = "astro-ph.CO",
 keywords = {galaxies: active, galaxies: jets, quasars: general, radio continuum: general},
     year = 2011,
    month = {8},
   volume = 532,
      eid = {A38},
    pages = {A38},
      doi = {10.1051/0004-6361/201016072},
   adsurl = {http://adsabs.harvard.edu/abs/2011A%26A...532A..38S},
  adsnote = {Provided by the SAO/NASA Astrophysics Data System},
  language = {english}
}

@ARTICLE{Walker_2000,
   author = {{Walker}, R.~C. and {Dhawan}, V. and {Romney}, J.~D. and {Kellermann}, K.~I. and
        {Vermeulen}, R.~C.},
    title = "{VLBA Absorption Imaging of Ionized Gas Associated with the Accretion Disk in NGC 1275}",
  journal = {\apj},
 keywords = {GALAXIES: ACTIVE, GALAXIES: INDIVIDUAL (NGC 1275), GALAXIES: JETS, RADIO CONTINUUM: GALAXIES},
     year = 2000,
    month = {2},
   volume = 530,
    pages = {233-244},
      doi = {10.1086/308372},
   adsurl = {http://adsabs.harvard.edu/abs/2000ApJ...530..233W},
  adsnote = {Provided by the SAO/NASA Astrophysics Data System},
  language = {english}
}

@ARTICLE{Sullivan_2009,
   author = {{O'Sullivan}, S.~P. and {Gabuzda}, D.~C.},
    title = "{Magnetic field strength and spectral distribution of six parsec-scale active galactic nuclei jets}",
  journal = {\mnras},
archivePrefix = "arXiv",
 primaryClass = "astro-ph.CO",
 keywords = {galaxies: jets , galaxies: magnetic fields , radio continuum: galaxies},
     year = 2009,
    month = {11},
   volume = 400,
    pages = {26-42},
      doi = {10.1111/j.1365-2966.2009.15428.x},
   adsurl = {http://adsabs.harvard.edu/abs/2009MNRAS.400...26O},
  adsnote = {Provided by the SAO/NASA Astrophysics Data System},
  language = {english}
}

@ARTICLE{Pushkarev_2012,
   author = {{Pushkarev}, A.~B. and {Hovatta}, T. and {Kovalev}, Y.~Y. and
	{Lister}, M.~L. and {Lobanov}, A.~P. and {Savolainen}, T. and
	{Zensus}, J.~A.},
    title = "{MOJAVE: Monitoring of Jets in Active galactic nuclei with VLBA Experiments. IX. Nuclear opacity}",
  journal = {\aap},
archivePrefix = "arXiv",
 primaryClass = "astro-ph.HE",
 keywords = {galaxies: active, galaxies: jets, radio continuum:, galaxies, quasars: general},
     year = 2012,
    month = {9},
   volume = 545,
      eid = {A113},
    pages = {A113},
      doi = {10.1051/0004-6361/201219173},
   adsurl = {http://adsabs.harvard.edu/abs/2012A%26A...545A.113P},
  adsnote = {Provided by the SAO/NASA Astrophysics Data System},
  language = {english}
}

@ARTICLE{Shapiro79,
   author = {{Shapiro}, I.~I. and {Wittels}, J.~J. and {Counselman}, III, C.~C. and
	{Robertson}, D.~S. and {Whitney}, A.~R. and {Hinteregger}, H.~F. and
	{Knight}, C.~A. and {Rogers}, A.~E.~E. and {Clark}, T.~A. and
	{Hutton}, L.~K. and {Niell}, A.~E.},
    title = "{Submilliarcsecond astrometry via VLBI. I - Relative position of the radio sources 3C 345 and NRAO 512}",
  journal = {\aj},
 keywords = {Astrometry, Radio Sources (Astronomy), Very Long Base Interferometry, Angular Resolution, Brightness, Cross Correlation, Least Squares Method, Radio Astronomy, Sensitivity},
     year = 1979,
    month = {10},
   volume = 84,
    pages = {1459-1469},
      doi = {10.1086/112565},
   adsurl = {http://adsabs.harvard.edu/abs/1979AJ.....84.1459S},
  adsnote = {Provided by the SAO/NASA Astrophysics Data System},
  language = {english}
}

@ARTICLE{Reid14,
   author = {{Reid}, M.~J. and {Honma}, M.},
    title = "{Microarcsecond Radio Astrometry}",
  journal = {\araa},
archivePrefix = "arXiv",
 primaryClass = "astro-ph.IM",
     year = 2014,
    month = {8},
   volume = 52,
    pages = {339-372},
      doi = {10.1146/annurev-astro-081913-040006},
   adsurl = {http://adsabs.harvard.edu/abs/2014ARA%26A..52..339R},
  adsnote = {Provided by the SAO/NASA Astrophysics Data System},
  language = {english}
}

@ARTICLE{Pradel06,
   author = {{Pradel}, N. and {Charlot}, P. and {Lestrade}, J.-F.},
    title = "{Astrometric accuracy of phase-referenced observations with the VLBA and EVN}",
  journal = {\aap},
 keywords = {astrometry, techniques: high angular resolution, techniques: interferometric},
     year = 2006,
    month = {6},
   volume = 452,
    pages = {1099-1106},
      doi = {10.1051/0004-6361:20053021},
   adsurl = {http://adsabs.harvard.edu/abs/2006A%26A...452.1099P},
  adsnote = {Provided by the SAO/NASA Astrophysics Data System},
  language = {english}
}

@ARTICLE{Kovalev05,
   author = {{Kovalev}, Y.~Y. and {Kellermann}, K.~I. and {Lister}, M.~L. and
	{Homan}, D.~C. and {Vermeulen}, R.~C. and {Cohen}, M.~H. and
	{Ros}, E. and {Kadler}, M. and {Lobanov}, A.~P. and {Zensus}, J.~A. and
	{Kardashev}, N.~S. and {Gurvits}, L.~I. and {Aller}, M.~F. and
	{Aller}, H.~D.},
    title = "{Sub-Milliarcsecond Imaging of Quasars and Active Galactic Nuclei. IV. Fine-Scale Structure}",
  journal = {\aj},
 keywords = {Galaxies: BL Lacertae Objects: General, Galaxies: Active, Galaxies: Jets, Galaxies: Quasars: General, Radio Continuum: Galaxies, Surveys},
     year = 2005,
    month = {12},
   volume = 130,
    pages = {2473-2505},
      doi = {10.1086/497430},
   adsurl = {http://adsabs.harvard.edu/abs/2005AJ....130.2473K},
  adsnote = {Provided by the SAO/NASA Astrophysics Data System},
  language = {english}
}


@article{Blandford_Konigl_1979,
	adsnote = {Provided by the SAO/NASA Astrophysics Data System},
	adsurl = {http://adsabs.harvard.edu/abs/1979ApJ...232...34B},
	author = {{Blandford}, R.~D. and {K\"{o}nigl}, A.},
	doi = {10.1086/157262},
	journal = {\apj},
	keywords = {Bl Lacertae Objects, Galactic Nuclei, Quasars, Radio Emission, Radio Sources (Astronomy), Relativistic Electron Beams, Active Galactic Nuclei, Brightness Temperature, Cloud Cover, Dynamic Characteristics, Particle Acceleration, Radio Galaxies, Shock Waves, Traveling Waves, Velocity Distribution},
	month = {8},
	pages = {34--48},
	title = {Relativistic jets as compact radio sources},
	volume = 232,
	year = 1979,
	language = {english}
}

@ARTICLE{Konigl_1981,
   author = {{K\"{o}nigl}, A.},
    title = "{Relativistic jets as X-ray and gamma-ray sources}",
  journal = {\apj},
 keywords = {Bl Lacertae Objects, Gamma Ray Astronomy, Radio Sources (Astronomy), Relativistic Particles, X Ray Sources,
Emission Spectra, Optical Thickness, Quasars, Synchrotron Radiation},
     year = 1981,
    month = {2},
   volume = 243,
    pages = {700-709},
      doi = {10.1086/158638},
   adsurl = {http://adsabs.harvard.edu/abs/1981ApJ...243..700K},
  adsnote = {Provided by the SAO/NASA Astrophysics Data System},
  language = {english}
}

@ARTICLE{Lobanov_1998,
   author = {{Lobanov}, A.~P.},
    title = "{Ultracompact jets in active galactic nuclei}",
  journal = {\aap},
 keywords = {GALAXIES: JETS, GALAXIES: INDIVIDUAL: CYGNUS A, 3C309.1, 3C345, RADIO CONTINUUM:
GALAXIES},
     year = 1998,
    month = {2},
   volume = 330,
    pages = {79-89},
   adsurl = {http://adsabs.harvard.edu/abs/1998A%26A...330...79L},
  adsnote = {Provided by the SAO/NASA Astrophysics Data System},
  language = {english}
}

@ARTICLE{Ma_1998,
   author = {{Ma}, C. and {Arias}, E.~F. and {Eubanks}, T.~M. and {Fey}, A.~L. and
	{Gontier}, A.-M. and {Jacobs}, C.~S. and {Sovers}, O.~J. and
	{Archinal}, B.~A. and {Charlot}, P.},
    title = "{The International Celestial Reference Frame as Realized by Very Long Baseline
Interferometry}",
  journal = {\aj},
 keywords = {ASTROMETRY, CATALOGS, GALAXIES: QUASARS: GENERAL, RADIO CONTINUUM, REFERENCE SYSTEMS,
TECHNIQUES: INTERFEROMETRIC},
     year = 1998,
    month = {7},
   volume = 116,
    pages = {516-546},
      doi = {10.1086/300408},
   adsurl = {http://adsabs.harvard.edu/abs/1998AJ....116..516M},
  adsnote = {Provided by the SAO/NASA Astrophysics Data System},
  language = {english}
}

@ARTICLE{Kovalev_2008,
   author = {{Kovalev}, Y.~Y. and {Lobanov}, A.~P. and {Pushkarev}, A.~B. and
	{Zensus}, J.~A.},
    title = "{Opacity in compact extragalactic radio sources and its effect on astrophysical and
astrometric studies}",
  journal = {\aap},
archivePrefix = "arXiv",
 keywords = {galaxies: active, galaxies: jets, radio continuum: galaxies, astrometry, reference
systems},
     year = 2008,
    month = {6},
   volume = 483,
    pages = {759-768},
      doi = {10.1051/0004-6361:20078679},
   adsurl = {http://adsabs.harvard.edu/abs/2008A%26A...483..759K},
  adsnote = {Provided by the SAO/NASA Astrophysics Data System},
  language = {english}
}

@ARTICLE{Greisen_2003,
   author = {{Greisen}, E.~W.},
    title = {AIPS, the VLA, and the VLBA},
  journal = {Information Handling in Astronomy - Historical Vistas},
     year = 2003,
    month = {3},
   volume = 285,
    pages = {109},
      doi = {10.1007/0-306-48080-8_7},
   adsurl = {http://adsabs.harvard.edu/abs/2003ASSL..285..109G},
  adsnote = {Provided by the SAO/NASA Astrophysics Data System},
  language = {english}
}

@INPROCEEDINGS{Shepherd_1997,
   author = {{Shepherd}, M.~C.},
    title = {Difmap: an Interactive Program for Synthesis Imaging},
booktitle = {Astronomical Data Analysis Software and Systems VI},
     year = 1997,
   series = {Astronomical Society of the Pacific Conference Series},
   volume = 125,
   editor = {{Hunt}, G. and {Payne}, H.},
    pages = {77},
   adsurl = {http://adsabs.harvard.edu/abs/1997ASPC..125...77S},
  adsnote = {Provided by the SAO/NASA Astrophysics Data System},
  language = {english}
}

@INPROCEEDINGS{Kettenis_2006,
   author = {{Kettenis}, M. and {van Langevelde}, H.~J. and {Reynolds}, C. and
        {Cotton}, B.},
    title = {ParselTongue: AIPS Talking Python},
booktitle = {Astronomical Data Analysis Software and Systems XV},
     year = 2006,
   series = {Astronomical Society of the Pacific Conference Series},
   volume = 351,
   editor = {{Gabriel}, C. and {Arviset}, C. and {Ponz}, D. and {Enrique}, S.
        },
    month = {7},
    pages = {497},
   adsurl = {http://adsabs.harvard.edu/abs/2006ASPC..351..497K},
  adsnote = {Provided by the SAO/NASA Astrophysics Data System},
  language = {english}
}

@ARTICLE{Hovatta2009,
       author = {{Hovatta}, T. and {Valtaoja}, E. and {Tornikoski}, M. and
        {L{\"a}hteenm{\"a}ki}, A.},
        title = {Doppler factors, Lorentz factors and viewing angles for quasars, BL
        Lacertae objects and radio galaxies},
      journal = {\aap},
         year = 2009,
        month = {2},
       volume = {494},
        pages = {527-537},
          doi = {10.1051/0004-6361:200811150},
       adsurl = {https://ui.adsabs.harvard.edu/#abs/2009A&A...494..527H},
      adsnote = {Provided by the SAO/NASA Astrophysics Data System},
      language = {english}
}

@ARTICLE{Hovatta_2014,
   author = {{Hovatta}, T. and {Aller}, M.~F. and {Aller}, H.~D. and {Clausen-Brown}, E. and
	{Homan}, D.~C. and {Kovalev}, Y.~Y. and {Lister}, M.~L. and
	{Pushkarev}, A.~B. and {Savolainen}, T.},
    title = {MOJAVE: Monitoring of Jets in Active Galactic Nuclei with VLBA Experiments. XI.
Spectral Distributions},
  journal = {\aj},
     year = 2014,
    month = {6},
   volume = 147,
      eid = {143},
    pages = {143},
      doi = {10.1088/0004-6256/147/6/143},
   adsurl = {http://adsabs.harvard.edu/abs/2014AJ....147..143H},
  adsnote = {Provided by the SAO/NASA Astrophysics Data System},
  language = {english}
}

@ARTICLE{Lister_2016,
   author = {{Lister}, M.~L. and {Aller}, M.~F. and {Aller}, H.~D. and {Homan}, D.~C. and
	{Kellermann}, K.~I. and {Kovalev}, Y.~Y. and {Pushkarev}, A.~B. and
	{Richards}, J.~L. and {Ros}, E. and {Savolainen}, T.},
    title = "{MOJAVE: XIII. Parsec-scale AGN Jet Kinematics Analysis Based on 19 years of VLBA
Observations at 15 GHz}",
  journal = {\aj},
archivePrefix = "arXiv",
 keywords = {BL Lacertae objects: general, galaxies: active, galaxies: jets, quasars: general, radio
continuum: galaxies},
     year = 2016,
    month = {7},
   volume = 152,
      eid = {12},
    pages = {12},
      doi = {10.3847/0004-6256/152/1/12},
   adsurl = {http://adsabs.harvard.edu/abs/2016AJ....152...12L},
  adsnote = {Provided by the SAO/NASA Astrophysics Data System},
  language = {english}
}

@ARTICLE{PK_letter2017,
   author = {{Petrov}, L. and {Kovalev}, Y.~Y.},
    title = "{On significance of VLBI/Gaia position offsets}",
  journal = {\mnras},
archivePrefix = "arXiv",
 keywords = {galaxies: active, radio continuum: galaxies},
     year = 2017,
    month = {5},
   volume = 467,
    pages = {L71-L75},
      doi = {10.1093/mnrasl/slx001},
   adsurl = {http://adsabs.harvard.edu/abs/2017MNRAS.467L..71P},
  adsnote = {Provided by the SAO/NASA Astrophysics Data System},
  language = {english}
}

@ARTICLE{PK2017,
   author = {{Petrov}, L. and {Kovalev}, Y.~Y.},
    title = "{Observational consequences of optical band milliarcsec-scale structure in active galactic nuclei discovered by Gaia}",
  journal = {\mnras},
archivePrefix = "arXiv",
 primaryClass = "astro-ph.HE",
 keywords = {astrometry, reference systems, galaxies: active, galaxies: jets, quasars: general, radio continuum: galaxies},
     year = 2017,
    month = {11},
   volume = 471,
    pages = {3775-3787},
      doi = {10.1093/mnras/stx1747},
   adsurl = {http://adsabs.harvard.edu/abs/2017MNRAS.471.3775P},
  adsnote = {Provided by the SAO/NASA Astrophysics Data System},
  language = {english}
}

@ARTICLE{KPP2017,
   author = {{Kovalev}, Y.~Y. and {Petrov}, L. and {Plavin}, A.~V.},
    title = {VLBI-Gaia offsets favor parsec-scale jet direction in active galactic nuclei},
  journal = {\aap},
     year = 2017,
    month = {2},
   volume = 598,
      eid = {L1},
    pages = {L1},
      doi = {10.1051/0004-6361/201630031},
   adsurl = {http://adsabs.harvard.edu/abs/2017A%26A...598L...1K},
  adsnote = {Provided by the SAO/NASA Astrophysics Data System},
  language = {english}
}

@ARTICLE{Hovatta_2012,
   author = {{Hovatta}, T. and {Lister}, M.~L. and {Aller}, M.~F. and {Aller}, H.~D. and
	{Homan}, D.~C. and {Kovalev}, Y.~Y. and {Pushkarev}, A.~B. and
	{Savolainen}, T.},
    title = {MOJAVE: Monitoring of Jets in Active Galactic Nuclei with VLBA Experiments. VIII.
Faraday Rotation in Parsec-scale AGN Jets},
  journal = {\aj},
     year = 2012,
    month = {10},
   volume = 144,
      eid = {105},
    pages = {105},
      doi = {10.1088/0004-6256/144/4/105},
   adsurl = {http://adsabs.harvard.edu/abs/2012AJ....144..105H},
  adsnote = {Provided by the SAO/NASA Astrophysics Data System},
  language = {english}
}

@article{Salvatier_2016,
 title = {Probabilistic programming in Python using PyMC3},
 author = {Salvatier, John and Wiecki, Thomas V. and Fonnesbeck, Christopher},
 year = 2016,
 month = {4},
 volume = 2,
 pages = {e55},
 journal = {PeerJ Computer Science},
 doi = {10.7717/peerj-cs.55},
 language = {english}
}


%% Chapter 2

@BOOK{VLBIbook,
   author = {{Thompson}, A.~R. and {Moran}, J.~M. and {Swenson}, Jr., G.~W.},
    title = {Interferometry and Synthesis in Radio Astronomy, 3rd Edition},
 keywords = {Physics},
booktitle = {Interferometry and Synthesis in Radio Astronomy, by A.~Richard Thompson, James
M.~Moran, and George W.~Swenson, Jr.~3rd ed.~Springer, 2017.},
     year = 2017,
      doi = {10.1007/978-3-319-44431-4},
   adsurl = {http://adsabs.harvard.edu/abs/2017isra.book.....T},
  adsnote = {Provided by the SAO/NASA Astrophysics Data System},
  language = {english}
}

@article{Khartov_2011,
	title = {Новый этап создания автоматических космических аппаратов для фундаментальных научных
исследований},
	issn = {2075-6941, 2311-3367},
	pages = {3--10},
	number = {3},
	journaltitle = {\vnpol},
	author = {Хартов, Виктор Владимирович},
	date = {2011},
	langid = {russian}
}

@article{Alexandrov_2011a,
	title = {РадиоАстрон (проект <<Спектр-Р>>) --- радиотелескоп много больше Земли. Основные
параметры и испытания},
	issn = {2075-6941, 2311-3367},
	pages = {11--19},
	number = {3},
	journaltitle = {\vnpol},
	author = {Александров, Ю. А. and Андреянов, В. В. and Бабакин, Н. Г. and Бабышкин, В. Е. and
Белоусов, К. Г. and Беляев, А. А. and Бирюков, А. В. and Бубнов, А. Е. and Быкадоров, А. А. and
Васильков, В. И. and Виноградов, И. С. and Гвамичава, А. С. and Зиновьев, А. Н. and Комаев, Р. В.
and Каневский, Б. З. and Кардашев, Н. С. and Ковалёв, Ю. А. and Ковалёв, Ю. Ю. and Коваленко, А. В.
and Корнеев, Ю. А. and Костенко, В. И. and Крейсман, Б. Б. and Кукушкин, А. Ю. and Ларионов, М. Г.
and Лихачёв, С. Ф. and Лихачёва, Л. Н. and Медведев, С. Ю. and Мелёхин, М. В. and Мизякина, Т. А.
and Николаев, Н. Я. and Новиков, Б. С. and Новиков, И. Д. and Павленко, Ю. К. and Пономарёв, Ю. Н.
and Попов, М. В. and Пышнов, В. Н. and Рожков, В. М. and Сахаров, Б. А. and Серебренников, В. А. and
Смирнов, А. И. and Степаньянц, В. А. and Федорчук, С. Д. and Шацкая, М. В. and Шейхет, А. И. and
Ширшаков, А. Е. and Якимов, В. Е.},
	date = {2011},
	langid = {russian}
}

@article{Alexandrov_2011b,
	title = {РадиоАстрон (проект <<Спектр-Р>>) --- радиотелескоп много больше Земли. Наземный
сегмент и основные направления научных исследований},
	issn = {2075-6941, 2311-3367},
	pages = {19--30},
	number = {3},
	journaltitle = {\vnpol},
	author = {Александров, Ю. А. and Андреянов, В. В. and Бабакин, Н. Г. and Бабышкин, В. Е. and
Белоусов, К. Г. and Беляев, А. А. and Бирюков, А. В. and Бубнов, А. Е. and Быкадоров, А. А. and
Васильков, В. И. and Виноградов, И. С. and Гвамичава, А. С. and Зиновьев, А. Н. and Комаев, Р. В.
and Каневский, Б. З. and Кардашев, Н. С. and Ковалёв, Ю. А. and Ковалёв, Ю. Ю. and Коваленко, А. В.
and Корнеев, Ю. А. and Костенко, В. И. and Крейсман, Б. Б. and Кукушкин, А. Ю. and Ларионов, М. Г.
and Лихачёв, С. Ф. and Лихачёва, Л. Н. and Медведев, С. Ю. and Мелёхин, М. В. and Мизякина, Т. А.
and Николаев, Н. Я. and Новиков, Б. С. and Новиков, И. Д. and Павленко, Ю. К. and Пономарёв, Ю. Н.
and Попов, М. В. and Пышнов, В. Н. and Рожков, В. М. and Сахаров, Б. А. and Серебренников, В. А. and
Смирнов, А. И. and Степаньянц, В. А. and Федорчук, С. Д. and Шацкая, М. В. and Шейхет, А. И. and
Ширшаков, А. Е. and Якимов, В. Е.},
	date = {2011},
	langid = {russian}
}

@BOOK{Esepkina_1973,
    title = {Радиотелескопы и радиометры},
    author = {{Есепкина}, Н. А. and {Корольков}, Д. В. and {Парийский}, Ю. Н.},
    address = {М.},
    publisher = {Наука},
    year = {1973},
    language = {russian}
}

@ARTICLE{Kovalev_1999,
       author = {{Kovalev}, Y.~Y. and {Nizhelsky}, N.~A. and {Kovalev}, Yu. A. and
         {Berlin}, A.~B. and {Zhekanis}, G.~V. and {Mingaliev}, M.~G. and
         {Bogdantsov}, A.~V.},
        title = {Survey of instantaneous 1--22 GHz spectra of 550 compact extragalactic objects with
declinations from $-30^\circ$ to $+43^\circ$},
      journal = {\aaps},
         year = {1999},
        month = {11},
       volume = {139},
        pages = {545-554},
          doi = {10.1051/aas:1999406},
       adsurl = {https://ui.adsabs.harvard.edu/abs/1999A&AS..139..545K},
      adsnote = {Provided by the SAO/NASA Astrophysics Data System},
      language = {english}
}

@Online{RAUH,
    url = {http://www.asc.rssi.ru/radioastron/documents/rauh/en/rauh.pdf},
    title = {RadioAstron User Handbook},
    language = {english}
}

@inproceedings{KovalevVAK_2010,
    booktitle = {Тезисы докладов Всероссийской астрономической конференции},
    title = {Экспресс-обработка и анализ телеметрии при диагностике комплекса научной
аппаратуры и юстировке КРТ в полете для проекта РадиоАстрон},
    author = {{Ковалев}, Ю.~А. and {Васильков}, В.~И. and {Бирюков}, А.~В. and  {Николаев}, Н.~Я.},
    year = {2010},
    pages = {32},
    publisher = {САО РАН},
    address = {Нижний Архыз},
    language = {russian}
}

@report{SRT_report_2004,
    title = {Подготовка и проведение радиоастрономических проверок космического радиотелескопа
(РАП КРТ)},
    year = {2004},
    publisher = {АКЦ ФИАН},
    institution = {АКЦ ФИАН},
    address = {М.},
    language = {russian}
}

@ARTICLE{Baars_1977,
       author = {{Baars}, J.~W.~M. and {Genzel}, R. and {Pauliny-Toth}, I.~I.~K. and
         {Witzel}, A.},
        title = {The absolute spectrum of Cas A; an accurate flux density scale and a set of
secondary calibrators.},
      journal = {\aap},
         year = {1977},
        month = {10},
       volume = {500},
        pages = {135-142},
       adsurl = {https://ui.adsabs.harvard.edu/abs/1977A&A....61...99B},
      adsnote = {Provided by the SAO/NASA Astrophysics Data System}
}

@Book{Hansen_1966,
    title = {Сканирующие антенные системы СВЧ},
    translator = {{Марков}, Г.~Т. and {Чаплина}, А.~Ф.},
    editor = {{Хансен}, Р.~К.},
    volumes = 3,
    volume = 1,
    year = 1966,
    address = {М.},
    publisher = {Сов. радио},
    language = {russian},
    origlanguage = {english}
}

@Book{Ajzenberg_1977,
    title = {Антенны УКВ},
    author = {{Айзенберг}, Г.~З. and {Ямпольский}, В.~Г. and {Терёшин}, О.~Н.},
    editor = {{Айзенберг}, Г.~З.},
    year = {1977},
    address = {М.},
    publisher = {Связь},
    language = {russian}
}

@Book{Christiansen_1972,
    title = {Радиотелескопы},
    author = {{Христиансен}, У. and {Хёгбом}, И.},
    year = {1972},
    address = {М.},
    publisher = {Мир},
    language = {russian},
    origlanguage = {english}
}

@Book{Galimov_2010,
    title = {Рефлекторные сканирующие антенны},
    author = {{Галимов}, Г.~К.},
    year = {2010},
    volume = 2,
    address = {М.},
    publisher = {Адвансед Солюшнз},
    language = {russian}
}

@Book{Shubarin_1960,
    title = {Антенны сверхвысоких частот},
    author = {{Шубарин}, Ю.~В.},
    year = 1960,
    address = {Харьков},
    publisher = {Изд-во ХГУ},
    language = {russian}
}

@Book{Cejtlin_1976,
    title = {Антенная техника и радиоастрономия},
    author = {{Цейтлин}, Н.~М.},
    year = 1976,
    address = {М.},
    publisher = {Сов. радио},
    language = {russian}
}

@Book{Kuzmin_1964,
    title = {Радиоастрономические методы измерений параметров антенн},
    author = {{Кузьмин}, А.~Д. and { Саломонович}, А.~Е.},
    year = 1964,
    address = {М.},
    publisher = {Сов. радио},
    language = {russian}
}

@INPROCEEDINGS{Belousov_2007,
       author = {{Belousov}, K.~G. and {Likhachev}, S.~F.},
        title = {Digital Data Processing in the Radioastron Project},
    booktitle = {Radioastronomical Tools and Techniques},
         year = {2007},
       editor = {{Kardashev}, N.~S. and {Dagkesamanskii}, S.~A.},
        pages = {95},
       adsurl = {https://ui.adsabs.harvard.edu/abs/2007rtt..conf...95B},
      adsnote = {Provided by the SAO/NASA Astrophysics Data System},
      language = {english}
}

@INBOOK{Whitney_2003,
       author = {{Whitney}, A.~R.},
        title = {Mark 5 Disk-Based Gbps VLBI Data System},
    booktitle = {New technologies in VLBI},
         year = {2003},
       editor = {{Minh}, Y.~C.},
       volume = {306},
       series = {Astronomical Society of the Pacific Conference Series},
        pages = {123},
       adsurl = {https://ui.adsabs.harvard.edu/abs/2003ASPC..306..123W},
      adsnote = {Provided by the SAO/NASA Astrophysics Data System},
      language = {english}
}

@online{RA_news,
    title = {Информационный бюллетень проекта ``РадиоАстрон''},
    url = {http://www.asc.rssi.ru/radioastron/news/news_rus.html}
}

@ARTICLE{Wolszczan_1987,
       author = {{Wolszczan}, A. and {Cordes}, J.~M.},
        title = {Interstellar Interferometry of the Pulsar PSR 1237+25},
      journal = {\apjl},
         year = {1987},
        month = {9},
       volume = {320},
        pages = {L35},
          doi = {10.1086/184972},
       adsurl = {https://ui.adsabs.harvard.edu/abs/1987ApJ...320L..35W},
      adsnote = {Provided by the SAO/NASA Astrophysics Data System},
     language = {english}
}

@ARTICLE{Valtonen_2011,
       author = {{Valtonen}, M.~J. and {Lehto}, H.~J. and {Takalo}, L.~O. and
         {Sillanp{\"a}{\"a}}, A.},
        title = {Testing the 1995 Binary Black Hole Model of OJ287},
      journal = {\apj},
         year = {2011},
        month = {3},
       volume = {729},
        issue = {1},
          eid = {33},
        pages = {33},
          doi = {10.1088/0004-637X/729/1/33},
       adsurl = {https://ui.adsabs.harvard.edu/abs/2011ApJ...729...33V},
      adsnote = {Provided by the SAO/NASA Astrophysics Data System},
     language = {english}
}

@ARTICLE{Kellermann_1969,
       author = {{Kellermann}, K.~I. and {Pauliny-Toth}, I.~I.~K.},
        title = {The Spectra of Opaque Radio Sources},
      journal = {\apjl},
         year = {1969},
        month = {2},
       volume = {155},
        pages = {L71},
          doi = {10.1086/180305},
       adsurl = {https://ui.adsabs.harvard.edu/abs/1969ApJ...155L..71K},
      adsnote = {Provided by the SAO/NASA Astrophysics Data System},
     language = {english}
}

@ARTICLE{Cohen_2007,
       author = {{Cohen}, M.~H. and {Lister}, M.~L. and {Homan}, D.~C. and {Kadler}, M. and
         {Kellermann}, K.~I. and {Kovalev}, Y.~Y. and {Vermeulen}, R.~C.},
        title = {Relativistic Beaming and the Intrinsic Properties of Extragalactic Radio Jets},
      journal = {\apj},
         year = {2007},
        month = {3},
       volume = {658},
        issue = {1},
        pages = {232-244},
          doi = {10.1086/511063},
archivePrefix = {arXiv},
       eprint = {astro-ph/0611642},
 primaryClass = {astro-ph},
       adsurl = {https://ui.adsabs.harvard.edu/abs/2007ApJ...658..232C},
      adsnote = {Provided by the SAO/NASA Astrophysics Data System},
     language = {english}
}

@article{Avdeev_2012,
	title = {Космическая Миссия <<Радиоастрон>>. Первые Результаты},
	issn = {2075-6941, 2311-3367},
	url = {https://elibrary.ru/item.asp?id=17885439},
	pages = {4--21},
	number = {3},
	journaltitle = {\vnpol},
	author = {Авдеев, В. Ю. and Андрианов, А. С. and Балаж, Я. and Бургин, М. С. and Войцик, П. А.
and Дронова, О. Б. and Заславский, Г. С. and Зиновьев, А. Н. and Киселев, А. Б. and Коноваленко, А.
А. and Кудак, В. И. and Кутькин, А. М. and Литвиненко, Л. Н. and Логвиненко, С. В. and Немечек, З.
and Пащенко, И. Н. and Рахимов, И. А. and Серебренников, В. А. and Соколовский, К. В. and Федорчук,
С. Д. and Чибисов, А. В. and Ширшаков, А. Е. and Алакоз, А. В. and Артюхов, М. И. and Белоусов, К.
Г. and Варда, Д. С. and Гирин, И. А. and Дьяков, А. А. and Застенкер, Г. Н. and Ипатов, А. В. and
Ковалев, Ю. А. and Копелянский, Г. Д. and Кудела, К. and Ларионов, М. Г. and Литовченко, И. Д. and
Лузанов, И. А. and Николаев, Н. Я. and Петрукович, А. А. and Резниченко, А. М. and Смирнов, А. И.
and Степаньянц, В. А. and Хартов, В. В. and Чуприков, А. А. and Шнырева, Л. А. and Александров, Ю.
А. and Бабакин, Н. Г. and Бирюков, А. В. and Васильков, В. И. and Дагкесаманский, Р. Д. and Ерошин,
В. И. and Захваткин, М. В. and Каневский, Б. З. and Ковалев, Ю. Ю. and Кукушкин, А. Ю. and Лисаков,
М. М. and Лихачев, С. Ф. and Мизякина, Т. А. and Новиков, Б. С. and Пономарев, Ю. Н. and Рожков, В.
М. and Смирнова, Т. И. and Торре Ж.-М. and Царевский, Г. С. and Шафранкова, Я. and Шпилевский, В. В.
and Корнеев, Ю. А. and Андреянов, В. В. and Бабышкин, В. Е. and Бубнов, А. Е. and Виноградов, И. С.
and Дегтяренко, Е. Г. and Журавлев, В. И. and Зеленый, Л. М. and Кардашев, Н. С. and Коваленко, А.
В. and Костенко, В. И. and Кулишенко, В. Ф. and Литвиненко, Е. А. and Лихачева, Л. Н. and Назаров,
В. Н. and Новиков, И. Д. and Попов, М. В. and Сазанков, С. В. and Согласнов, В. А. and Тучин, А. Г.
and Чесалин, Л. С. and Шацкая, М. В. and Якимов, В. Е.},
	year = {2012},
	language = {russian}
}

@Book{Kuhn_1967,
    title = {Микроволновые антенны},
    author = {{Кюн}, Р.},
    year = 1967,
    address = {Л.},
    publisher = {Судостроение},
    origlanguage = {german},
    language = {russian}
}

@ARTICLE{Duev_2015,
       author = {{Duev}, D.~A. and {Zakhvatkin}, M.~V. and {Stepanyants}, V.~A. and
         {Molera Calv{\'e}s}, G. and {Pogrebenko}, S.~V. and {Gurvits}, L.~I. and
         {Cim{\`o}}, G. and {Bocanegra Baham{\'o}n}, T.~M.},
        title = {RadioAstron as a target and as an instrument: Enhancing the Space VLBI mission's
scientific output},
      journal = {\aap},
     keywords = {astrometry, techniques: interferometric, instrumentation: interferometers,
instrumentation: miscellaneous, Astrophysics - Instrumentation and Methods for Astrophysics},
         year = {2015},
        month = {1},
       volume = {573},
          eid = {A99},
        pages = {A99},
          doi = {10.1051/0004-6361/201424940},
archivePrefix = {arXiv},
       eprint = {1411.4576},
 primaryClass = {astro-ph.IM},
       adsurl = {https://ui.adsabs.harvard.edu/abs/2015A&A...573A..99D},
      adsnote = {Provided by the SAO/NASA Astrophysics Data System},
     language = {english}
}
